<?xml version="1.0" encoding="UTF-8"?><record xmlns="http://www.loc.gov/MARC21/slim" xmlns:cinclude="http://apache.org/cocoon/include/1.0" xmlns:zs="http://www.loc.gov/zing/srw/">
  <leader>00425cz  a2200133n  4500</leader>
  <controlfield tag="001">n 2004009925</controlfield>
  <controlfield tag="003">DLC</controlfield>
  <controlfield tag="005">20040924144230.0</controlfield>
  <controlfield tag="008">040924n| acannaabn          |n aaa      </controlfield>
  <datafield tag="010" ind1=" " ind2=" ">
    <subfield code="a">n 2004009925</subfield>
  </datafield>
  <datafield tag="040" ind1=" " ind2=" ">
    <subfield code="a">DLC</subfield>
    <subfield code="b">eng</subfield>
    <subfield code="c">DLC</subfield>
  </datafield>
  <datafield tag="100" ind1="1" ind2=" ">
    <subfield code="a">Wood, Elizabeth Lambert</subfield>
  </datafield>
  <datafield tag="670" ind1=" " ind2=" ">
    <subfield code="a">Wood, Elizabeth Lambert. Arizona hoof trails, c1956:</subfield>
    <subfield code="b">t.p. (Elizabeth Lambert Wood)</subfield>
  </datafield>
  <datafield tag="670" ind1=" " ind2=" ">
    <subfield code="a">LC database, Sept. 24, 2004</subfield>
    <subfield code="b">(hdg.: Wood, Elizabeth Lambert)</subfield>
  </datafield>
</record>